<?xml version="1.0" encoding="UTF-8"?><record xmlns="http://www.loc.gov/MARC21/slim" xmlns:cinclude="http://apache.org/cocoon/include/1.0" xmlns:zs="http://www.loc.gov/zing/srw/">
  <leader>00840cz  a2200193n  4500</leader>
  <controlfield tag="001">nr 93005201 </controlfield>
  <controlfield tag="003">DLC</controlfield>
  <controlfield tag="005">20130314100741.0</controlfield>
  <controlfield tag="008">930210n| azannaabn          |b aaa     c</controlfield>
  <datafield tag="010" ind1=" " ind2=" ">
    <subfield code="a">nr 93005201 </subfield>
  </datafield>
  <datafield tag="035" ind1=" " ind2=" ">
    <subfield code="a">(OCoLC)oca03319937</subfield>
  </datafield>
  <datafield tag="040" ind1=" " ind2=" ">
    <subfield code="a">NjP</subfield>
    <subfield code="b">eng</subfield>
    <subfield code="e">rda</subfield>
    <subfield code="c">NjP</subfield>
    <subfield code="d">OCoLC</subfield>
    <subfield code="d">DLC</subfield>
  </datafield>
  <datafield tag="046" ind1=" " ind2=" ">
    <subfield code="g">1948</subfield>
  </datafield>
  <datafield tag="100" ind1="1" ind2=" ">
    <subfield code="a">Jumʻah, Muḥammad Maḥmūd,</subfield>
    <subfield code="d">-1948</subfield>
  </datafield>
  <datafield tag="400" ind1="1" ind2=" ">
    <subfield code="w">nnea</subfield>
    <subfield code="a">Jumʻah, Muḥammad Maḥmūd,</subfield>
    <subfield code="d">d. 1948</subfield>
  </datafield>
  <datafield tag="400" ind1="1" ind2=" ">
    <subfield code="a">جمعة، محمد محمود</subfield>
  </datafield>
  <datafield tag="667" ind1=" " ind2=" ">
    <subfield code="a">Machine-derived non-Latin script reference project.</subfield>
  </datafield>
  <datafield tag="667" ind1=" " ind2=" ">
    <subfield code="a">Non-Latin script reference not evaluated.</subfield>
  </datafield>
  <datafield tag="670" ind1=" " ind2=" ">
    <subfield code="a">His al-Nuẓum al-ijtimāʻīyah wa-al-siyāsīyah ʻinda qudamāʼ al-ʻArab ... 1949:</subfield>
    <subfield code="b">t.p. (Muḥammad Maḥmūd Jumʻah, ustādh al-dirāsāt al-Sāmīyah bi-Kull. Dār al-ʻUlūm bi-Jām. Fuʼād al-Awwal) p. 5, 1st group (d. 1948)</subfield>
  </datafield>
</record>